

@book{weibel,
author = {Charles A. Weibel},
title= {An introduction to homological algebra},
publisher= {Cambridge university press},
year={1994}
}

